%% This BibTeX bibliography file was created using BibDesk.%% http://bibdesk.sourceforge.net/%% Saved with string encoding Unicode (UTF-8) @article{Itre4,  title={Hiearchical Archimedean copulas trough multivariate compound distributions},  author={Cossette, Helene and Gadoury, Simon-Pierre and Marceau, Etienne and Mtalai, Itre},  journal={Insurance: Mathematics and Economics},  year={2017},  volume={76}  pages={1--13},  publisher={Elsevier}}@article{Itre5,  title={Collective Risk Models with Dependance},  author={Cossette, Helene and Marceau, Etienne and Mtalai, Itre},  year={2019},  publisher={Ecole d'Actuariat}}@article{Everything,  title={Everything You Always Wanted to Know about Copula Modeling but Were Afraid to Ask},  author={Genest, Christian and Favre, Anne-Catherine},  journal = {Journal of Hydrologic Engineering},  year={2007}}@article{LikelyhoodEstimation,  title={Composite Likelyhood Estimation Method for Hierarchical Archimedean Copulas Defined with Multivariate Compound Distributions},  author={Cossette, Helene and Gadoury, Simon-Pierre and Marceau, Etienne and Robert, Christian Y.},  journal={Journal of Multivariate Analysis},  year={2019},  volume={172}  pages={59--83},  publisher={Elsevier}}@article{nikoloulopoulos2009modeling,  title={Modeling multivariate count data using copulas},  author={Nikoloulopoulos, Aristidis K and Karlis, Dimitris},  journal={Communications in Statistics-Simulation and Computation},  volume={39},  number={1},  pages={172--187},  year={2009},  publisher={Taylor \& Francis}}@book{LossModels_Klugman2012,title={Loss Models: From Data to Decisions},Edition={fourth},author={Klugman, S. and Panjer, H. and Willmot, G.},year={2012},publisher={Wiley}}@article{Nikoloulopoulos_Kendall_discret ,author = { Aristidis   K.   Nikoloulopoulos  and  Dimitris   Karlis },title = {Regression in a copula model for bivariate count data},journal = {Journal of Applied Statistics},volume = {37},number = {9},pages = {1555-1568},year  = {2010},publisher = {Taylor & Francis},doi = {10.1080/02664760903093591},URL = {https://doi.org/10.1080/02664760903093591},eprint = {https://doi.org/10.1080/02664760903093591}}@article{hofert2013ArchimedeanHighDimension,  title={Archimedean copulas in high dimensions: Estimators and numerical challenges motivated by financial applications},  author={Hofert, Marius and M{\"a}chler, Martin and McNeil, Alexander J},  journal={Journal de la Soci{\'e}t{\'e} Fran{\c{c}}aise de Statistique},  volume={154},  number={1},  pages={25--63},  year={2013},  publisher={Soci{\'e}t{\'e} Fran{\c{c}}aise de Statistique (SFdS)}}@article{shi2015Dependant,  title={Dependent frequency--severity modeling of insurance claims},  author={Shi, Peng and Feng, Xiaoping and Ivantsova, Anastasia},  journal={Insurance: Mathematics and Economics},  volume={64},  pages={417--428},  year={2015},  publisher={Elsevier}}@article{garrido2016generalized,  title={Generalized linear models for dependent frequency and severity of insurance claims},  author={Garrido, Jos{\'e} and Genest, Christian and Schulz, Juliana},  journal={Insurance: Mathematics and Economics},  volume={70},  pages={205--215},  year={2016},  publisher={Elsevier}}@article{oh2019copula,  title={On Copula-based Collective Risk Models},  author={Oh, Rosy and Ahn, Jae Youn and Lee, Woojoo},  journal={arXiv preprint arXiv:1906.03604},  year={2019}}@article{oh2019implementation,  title={Implementation of frequency-severity association in bms ratemaking},  author={Oh, Rosy and Shi, Peng and Ahn, Jae Youn},  journal={arXiv preprint arXiv:1903.05851},  year={2019}}@article{baumgartner2015bayesian,  title={Bayesian total loss estimation using shared random effects},  author={Baumgartner, Carolin and Gruber, Lutz F and Czado, Claudia},  journal={Insurance: Mathematics and Economics},  volume={62},  pages={194--201},  year={2015},  publisher={Elsevier}}@article{czado2012mixed,  title={A mixed copula model for insurance claims and claim sizes},  author={Czado, Claudia and Kastenmeier, Rainer and Brechmann, Eike Christian and Min, Aleksey},  journal={Scandinavian Actuarial Journal},  volume={2012},  number={4},  pages={278--305},  year={2012},  publisher={Taylor \& Francis}}@article{hernandez2009net,  title={The net Bayes premium with dependence between the risk profiles},  author={Hern{\'a}ndez-Bastida, A and Fern{\'a}ndez-S{\'a}nchez, MP and G{\'o}mez-D{\'e}niz, Emilio},  journal={Insurance: Mathematics and Economics},  volume={45},  number={2},  pages={247--254},  year={2009},  publisher={Elsevier}}@article{kramer2013total,  title={Total loss estimation using copula-based regression models},  author={Kr{\"a}mer, Nicole and Brechmann, Eike C and Silvestrini, Daniel and Czado, Claudia},  journal={Insurance: Mathematics and Economics},  volume={53},  number={3},  pages={829--839},  year={2013},  publisher={Elsevier}}@article{frees2016multivariate,  title={Multivariate frequency-severity regression models in insurance},  author={Frees, Edward and Lee, Gee and Yang, Lu},  journal={Risks},  volume={4},  number={1},  pages={4},  year={2016},  publisher={Multidisciplinary Digital Publishing Institute}}@book{brooks2011handbook,  title={Handbook of markov chain monte carlo},  author={Brooks, Steve and Gelman, Andrew and Jones, Galin and Meng, Xiao-Li},  year={2011},  publisher={CRC press}}@article{roberts2004general,  title={General state space Markov chains and MCMC algorithms},  author={Roberts, Gareth O and Rosenthal, Jeffrey S and others},  journal={Probability surveys},  volume={1},  pages={20--71},  year={2004},  publisher={The Institute of Mathematical Statistics and the Bernoulli Society}}