%% This BibTeX bibliography file was created using BibDesk.
%% http://bibdesk.sourceforge.net/

%% Created for Itre Mtalai at 2017-04-23 17:56:01 -0400 


%% Saved with string encoding Unicode (UTF-8) 

@incollection{frittelli2005law,
  title={Law invariant convex risk measures},
  author={Frittelli, Marco and Gianin, Emanuela Rosazza},
  booktitle={Advances in mathematical economics},
  pages={33--46},
  year={2005},
  publisher={Springer}
}


@article{embrechts2015seven,
  title={Seven proofs for the subadditivity of Expected Shortfall},
  author={Embrechts, Paul and Wang, Ruodu},
  journal={Dependence Modeling},
  volume={3},
  number={1},
  year={2015},
  publisher={De Gruyter Open}
}

@article{acerbi2002coherence,
  title={On the coherence of expected shortfall},
  author={Acerbi, Carlo and Tasche, Dirk},
  journal={Journal of Banking \& Finance},
  volume={26},
  number={7},
  pages={1487--1503},
  year={2002},
  publisher={Elsevier}
}

@article{frees2015analytics,
  title={Analytics of insurance markets},
  author={Frees, Edward W},
  journal={Annual Review of Financial Economics},
  volume={7},
  pages={253--277},
  year={2015},
  publisher={Annual Reviews}
}

@article{artzner1999coherent,
  title={Coherent measures of risk},
  author={Artzner, Philippe and Delbaen, Freddy and Eber, Jean-Marc and Heath, David},
  journal={Mathematical finance},
  volume={9},
  number={3},
  pages={203--228},
  year={1999},
  publisher={Wiley Online Library}
}

@article{embrechts1994modelling,
  title={Modelling of extremal events in insurance and finance},
  author={Embrechts, Paul and Schmidli, Hanspeter},
  journal={Zeitschrift f{\"u}r Operations Research},
  volume={39},
  number={1},
  pages={1--34},
  year={1994},
  publisher={Springer}
}

@book{embrechts1997modelling,
	title="Modelling Extremal Events",
	author="Paul {Embrechts} and Claudia {Klüppelberg} and Thomas {Mikosch}",
	year="1997",
	publisher={Springer}
}

@book{parodi2014pricing,
  title={Pricing in general insurance},
  author={Parodi, Pietro},
  year={2014},
  publisher={CRC Press}}
  


@book{muller2002,
    Author = {Muller, Alfred and Stoyan, Dietrich},
    Publisher = {Wiley},
    Title = {Comparison methods for stochastic models and risks},
    Volume = {389},
    Year = {2002}}
    
@book{shaked,
    Author = {Shaked, Moshe and Shanthikumar, J George},
    Publisher = {Springer Science \& Business Media},
    Title = {Stochastic orders},
    Year = {2007}}

@article{cossette2017hierarchical,
	Author = {Cossette, H{\'e}l{\`e}ne and Gadoury, Simon-Pierre and Marceau, {\'E}tienne and Mtalai, Itre},
	Journal = {Insurance: Mathematics and Economics},
	Pages = {1--13},
	Publisher = {Elsevier},
	Title = {Hierarchical Archimedean copulas through multivariate compound distributions},
	Volume = {76},
	Year = {2017}}


@article{cossette2017,
  title={Dependent risk models with Archimedean copulas: A computational strategy based on common mixtures and applications},
  author={Cossette, H{\'e}l{\`e}ne and Marceau, Etienne and Mtalai, Itre and Veilleux, D{\'e}ry},
  journal={Insurance: Mathematics and Economics},
  volume={78},
  pages={53--71},
  year={2018},
  publisher={Elsevier}
}




@article{ramsay2006distribution,
	title="The Distribution of Sums of Certain I.I.D. Pareto Variates",
	author="Colin M. {Ramsay}",
	journal="Communications in Statistics-theory and Methods",
	volume="35",
	number="3",
	pages="395--405",
	year="2006"
}

@article{burgi2008risk,
	title="Risk Aggregation, Dependence Structure and Diversification Benefit",
	author="Roland {Burgi} and Michel M. {Dacorogna} and Roger {Iles}",
	journal="MPRA Paper",
	year="2008"
}

@article{embrechts2009multivariate,
	title="Multivariate extremes and the aggregation of dependent risks: examples and counter-examples",
	author="Paul {Embrechts} and Dominik D. {Lambrigger} and Mario V. {Wüthrich}",
	journal="Extremes",
	volume="12",
	number="2",
	pages="107--127",
	year="2009"
}

@article{dacorogna2016explicit,
	title="Explicit diversification benefit for dependent risks",
	author="Michel M. {Dacorogna} and Laila {Elbahtouri} and Marie {Kratz}",
	journal="Social Science Research Network",
	year="2016"
}


@book{albrecher2017reinsurance,
  title={Reinsurance},
  author={Albrecher, Hansjorg and Beirlant, Jan and Teugels, Jef},
  year={2017},
  publisher={Wiley}
}

@article{mcneil2009multivariate,
  title={Multivariate Archimedean Copulas, d-Monotone Functions and L1-Norm Symmetric Distributions},
  author={McNeil, Alexander J and Neslehova, Johanna},
  journal={The Annals of Statistics},
  pages={3059--3097},
  year={2009},
  publisher={JSTOR}
}

@book{asmussen2010ruin,
  title={Ruin probabilities},
  author={Asmussen, S{\o}ren and Albrecher, Hansj{\"o}rg},
  year={2010},
  publisher={World Scientific Publishing Co Pte Ltd}
}

@book{cossettemarceau2018document,
  title={Mathématiques actuarielles du risque : modèles, mesures de risque et méthodes quantitatives},
  author={Cossette, Helene and Marceau, Etienne},
  year={2018}
}

@book{grandell2012aspects,
  title={Aspects of risk theory},
  author={Grandell, Jan},
  year={2012},
  publisher={Springer Science \& Business Media}
}

@book{grandell1997mixed,
  title={Mixed poisson processes},
  author={Grandell, Jan},
  volume={77},
  year={1997},
  publisher={CRC Press}
}

@book{marshall2007life,
  title={Life distributions},
  author={Marshall, Albert W and Olkin, Ingram},
  volume={13},
  year={2007},
  publisher={Springer}
}

@article{albrecher2011explicit,
  title={Explicit ruin formulas for models with dependence among risks},
  author={Albrecher, Hansjorg and Constantinescu, Corina and Loisel, Stephane},
  journal={Insurance: Mathematics and Economics},
  volume={48},
  number={2},
  pages={265--270},
  year={2011},
  publisher={Elsevier}
}

@online{encon2014webf,
  author = {ENCON},
  title = {{Assurance construction}},
  year = 2013,
  url = {https://www.encon.ca/French/liability/Construction/Pages/default.aspx},
  urldate = {2017-10-30}
}

@article{imriyas2009expert,
  title={An expert system for strategic control of accidents and insurers’ risks in building construction projects},
  author={Imriyas, Kamardeen},
  journal={Expert Systems with Applications},
  volume={36},
  number={2},
  pages={4021--4034},
  year={2009},
  publisher={Elsevier}
}

@book{Marsh,
  title={Variabilité de l'assurance dans le secteur de la construction et solutions d'assurance non traditionnelles},
  author={Marsh},
  year={2005},
  publisher={SCHL-CMHC}
}
@book{CCB,
  title={Assurance construction - Notions élémentaires},
  author={Conseil canadien du bois},
  year={-},
  publisher={Conseil canadien du bois}
}

@book{charpentier2014computational,
  title={Computational Actuarial Science with R},
  author={Charpentier, Arthur},
  year={2014},
  publisher={Chapman and Hall/CRC}
}

@inproceedings{frees2011predictive,
  title={Predictive modeling of multi-peril homeowners insurance},
  author={Frees, Edward W Jed and Meyers, Glenn and Cummings, A David},
  booktitle={Casualty Actuarial Society E-Forum, Winter 2011 Volume 2},
  year={2011}
}

@book{klugman2012loss,
  title={Loss models: from data to decisions},
  author={Klugman, Stuart A and Panjer, Harry H and Willmot, Gordon E},
  volume={715},
  year={2012},
  publisher={John Wiley \& Sons}
}

@book{han2011data,
  title={Data mining: concepts and techniques},
  author={Han, Jiawei and Pei, Jian and Kamber, Micheline},
  year={2011},
  publisher={Elsevier}
}

@book{frees2014predictive,
  title={Predictive modeling applications in actuarial science},
  author={Frees, Edward W and Derrig, Richard A and Meyers, Glenn},
  volume={1},
  year={2014},
  publisher={Cambridge University Press}
}

@book{denuit2007actuarial,
  title={Actuarial modelling of claim counts: Risk classification, credibility and bonus-malus systems},
  author={Denuit, Michel and Mar{\'e}chal, Xavier and Pitrebois, Sandra and Walhin, Jean-Fran{\c{c}}ois},
  year={2007},
  publisher={John Wiley \& Sons}
}

@book{ohlsson2010non,
  title={Non-life insurance pricing with generalized linear models},
  author={Ohlsson, Esbj{\"o}rn and Johansson, Bj{\"o}rn},
  volume={21},
  year={2010},
  publisher={Springer}
}

@article{yao2008clustering,
  title={Clustering in Ratemaking: Applications in Territories Clustering},
  author={Yao, Ji},
  journal={Casualty Actuarial Society Discussion Paper Program Casualty Actuarial Society-Arlington, Virginia},
  pages={170--192},
  year={2008}
}​

@report{cecobois,
  title={Étude des primes d’assurance pour la construction en bois},
  author={Christian Dagenais},
  year={2010},
  note={Cecobois}
}

@manual{CLThandbook,
  title={Manuel sur le bois laminé-croisé},
  author={FPInnovations},
  adress={Québec, QC},
  year={2011},
  note={Édition spéciale SP-528F}
}

@manual{CNB,
  title={Code National du Bâtiment},
  author={{Commission canadienne des codes du bâtiment et de prévention des incendies}},
  year={2015},
  note={Conseil National de Recherche Canada}
}

@article{mccullagh1984generalized,
  title={Generalized linear models},
  author={McCullagh, Peter},
  journal={European Journal of Operational Research},
  volume={16},
  number={3},
  pages={285--292},
  year={1984},
  publisher={Elsevier}
}

@misc{entrevue_intact,
  author={Jean-Peirre {Bonneville (Directeur, Prévention et inspections - Assurance des entreprises)} and Achraf {Louitri (Directeur, Actuariat, Data Lab)} and Martin {Mathieu (Conseiller technique, RC/3D -  Assurance des entreprises)}},
  title={{Rencontre avec Intact assurance}},
  month={Août},
  year={2017}
}

@misc{entrevue_rochette,
  author={Raynald {Rochette}},
  title={Rencontre},
  howpublished={Couture-Rochette & Associés},
  month={Août},
  year={2017}
}

@manual{ICA,
  title={Normes de pratique},
  author={{Institut Canadien des Actuaires}},
  adress={Québec, QC},
  year={2015},
  note={Sous-section 1530}
}

@report{GLOBEADVISORS1,
  title={Study of Insurance Costs for Mid Rise Wood Frame and Concrete Residential Buildings Final Revision},
  author={{GLOBE Advisors}},
  year={January, 2016}
}

@report{GLOBEADVISORS2,
  title={Executive Summary of GLOBE Advisors Study of Insurance Costs for Mid Rise Wood Frame and Concrete Residential Buildings Final Revision},
  author={{GLOBE Advisors}},
  year={January, 2016}
}

@article{LeoRonken,
  title={Engineered Wood–The New Concrete on the Block?},
  author={Leo Ronken},
  year={December, 2016},
  note={Gen Re}
}


@report{RBQCLT,
  title={Bâtiments de construction massive en bois d’au plus 12 étages, Directives et guide explicatif},
  author={Lise {Veilleux (Régie du bâtiment du Québec)} and Sylvain {Gagnon (FPInnovations)} and Christian {Dagenais (FPInnovations)}},
  year={2015}
}

@misc{Lamothe,
  title={http://www.ecohabitation.com/actualite/nouvelles/construire-bois-hauteur},
author={Sébastien {Jacquet (consultant en éco-construction)}},
year={17 décembre, 2013},
note={Écohabitation}
}

@inproceedings{frangi2008natural,
  title={Natural full-scale fire test on a 3 storey XLam timber building},
  author={Frangi, Andrea and Bochicchio, Giovanna and Ceccotti, Ario and Lauriola, Marco Pio},
  booktitle={Proceedings of 10th World Conference on Timber Engineering (WCTE)},
  year={2008}
}

@report{article127,
  title={Guide de présentation d’une demande de mesures équivalentes ou d’une demande de mesures différentes},
  author={{Régie du bâtiment du Québec}},
}

@report{PRG320,
  title={{Standard for Performance Rated Cross Laminated Timber (ANSI/APA PRG 320-2012)}},
  author={{American National Standars Institute}},
  year={2012}
}

@report{regime,
  title={Rapport particulier sur les régimes d'Assurance construction dans une vingtaine de pays étrangers},
  author={P. {Dumas (Inpecteur général des finances)} and A. {Macaire (Inspecteur des finances)} and J-J. {Bryas (Ingénieur général des ponts et chaussées)} and J. {Friggit (Ingénieur en chef des ponts et chaussées)} and I. {Vaulont (Inspectrice générale de l'équipement)}},
 year={2006},
 note={Ministère de l'Économie, des Finances et de l'Industrie - Ministère des Transports, de l'Équipement, du Tourisme et de la Mer}
}

@article{zhang2015case,
  title={Case Studies of Risk-to-Life due to Fire in Mid-and High-Rise, Combustible and Non-combustible Buildings Using CUrisk},
  author={Zhang, Xia and Mehaffey, Jim and Hadjisophocleous, George},
  journal={Final Report. Ottawa (ON): Carleton University},
  year={2015}
}

@article{hadji,
  title={A case study on the effect of building construction type, height and area on the building fire risk},
  author={Zhang, Xia and Li, Xiao and Rao, Ping and Hadjisophocleous, George},
  journal={Research Gate},
  year={2015}
}

@article{xin2013fire,
  title={Fire risk analysis of residential buildings based on scenario clusters and its application in fire risk management},
  author={Xin, Jing and Huang, Chongfu},
  journal={Fire Safety Journal},
  volume={62},
  pages={72--78},
  year={2013},
  publisher={Elsevier}
}



@misc{FPRF,
  title={Fire Safety Challenges of Tall Wood Buildings},
author={{Fire Protection Research Foudation}},
year={March 2, 2017}
}

@misc{PIRG,
  title={http://www.nfpa.org/news-and-research/resources/fire-protection-research-foundation/research-planning/property-insurance-research-group},
  author={{National Fire Protection Association}},
}

@misc{pirggroup,
  title={Statement of Purpose and Description of Activities},
author={{Property Insurance Research Group}}
}

@misc{IBC,
  title={International Building Code},
 author={{International Code Council}},
 year={2015},
 note={Chapter 6}
}

@report{encapsulated,
  title={Solutions for mid-rise wood construction: apartment fire test with encapsulated cross laminated timber construction (Test APT-CLT)},
  author={Taber, Bruce C and Lougheed, Gary D and Su, Joseph Z and Bénichou, Noureddine},
  year={December 31, 2014},
  note={Conseil National de Recherche - Canada}
}

@article{o'hagan,
  title={Eliciting expert beliefs in substantial practical applications},
  author={O'Hagan, Anthony},
  journal={Journal of the Royal Statistical Society: Series D (The Statistician)},
  volume={47},
  number={1},
  pages={21--35},
  year={1998},
  publisher={Wiley Online Library}
}

@book{cooke,
  title={Experts in uncertainty: opinion and subjective probability in science},
  author={Cooke, Roger},
  year={1991},
  publisher={Oxford University Press on Demand}
}

@report{AutoriteMarchesFinanciers,
  title={LIGNE DIRECTRICE SUR LA GESTION INTÉGRÉE DES RISQUES},
  author={{Autorité des marchés financiers}},
  year={Mai, 2015}
}
@report{riskappetite,
  title={Exploring Risk Appetite and Risk Tolerance},
  author={O'Rourke, Morgan and Arbasetti, Karen},
  year={2012}
}
@report{link,
  title={Risk Appetite: Linkage with Strategic Planning},
  author={Shang, Kailan and Chen, Zhen},
  year={Mars, 2012}
}

@book{marceau2013modelisation,
  title={Mod{\'e}lisation et {\'e}valuation quantitative des risques en actuariat: Mod{\`e}les sur une p{\'e}riode},
  author={Marceau, Etienne},
  year={2013},
  publisher={Springer}
}

@book{rychlik2006probability,
  title={Probability and risk analysis},
  author={Rychlik, Igor and Ryd{\'e}n, Jesper},
  year={2006},
  publisher={Springer}
}

@misc{ostman2016fire,
  title={Fire Safety Challenges of Tall Wood Buildings--Phase 2: Task 1-Literature Review},
  author={{\"O}stman, Birgit and Brandon, Daniel},
  year={2016}
}

@article{ostman2017fire,
  title={Fire safety engineering in timber buildings},
  author={{\"O}stman, Birgit and Brandon, Daniel and Frantzich, H{\aa}kan},
  journal={Fire Safety Journal},
  year={2017},
  publisher={Elsevier}
}

@article{al1990systematic,
  title={Systematic risk management approach for construction projects},
  author={Al-Bahar, Jamal F and Crandall, Keith C},
  journal={Journal of Construction Engineering and Management},
  volume={116},
  number={3},
  pages={533--546},
  year={1990},
  publisher={American Society of Civil Engineers}
}

@book{contfinancial,
	Author = {Cont, R and Tankov, P},
	Date-Modified = {2017-04-23 15:24:38 +0000},
	Publisher = {Chapman \& Hall/CRC: London},
	Title = {Financial modelling with jump processes, Vol. 2, 2003},
	Year = {2003}}

@inproceedings{gorecki2013structure,
	Author = {G{\'o}recki, Jan and Hole{\v{n}}a, Martin},
	Booktitle = {International Workshop on New Frontiers in Mining Complex Patterns},
	Organization = {Springer},
	Pages = {132--147},
	Title = {Structure determination and estimation of hierarchical Archimedean copulas based on Kendall correlation matrix},
	Year = {2013}}

@article{gorecki2017kendall,
	Author = {G{\'o}recki, J and Hofert, M and Hole{\v{n}}a, M},
	Journal = {Dependence Modeling},
	Number = {1},
	Pages = {75--87},
	Title = {Kendall's tau and agglomerative clustering for structure determination of hierarchical Archimedean copulas},
	Volume = {5},
	Year = {2017}}
	
@article{okhrin2013systemic,
  title={Systemic weather risk and crop insurance: the case of China},
  author={Okhrin, Ostap and Odening, Martin and Xu, Wei},
  journal={Journal of Risk and Insurance},
  volume={80},
  number={2},
  pages={351--372},
  year={2013},
  publisher={Wiley Online Library}
}

@article{hofert2011cdo,
  title={CDO pricing with nested Archimedean copulas},
  author={Hofert, Marius and Scherer, Matthias},
  journal={Quantitative Finance},
  volume={11},
  number={5},
  pages={775--787},
  year={2011},
  publisher={Taylor \& Francis}
}


@article{savu2010hierarchies,
  title={Hierarchies of Archimedean copulas},
  author={Savu, Cornelia and Trede, Mark},
  journal={Quantitative Finance},
  volume={10},
  number={3},
  pages={295--304},
  year={2010},
  publisher={Taylor \& Francis}
}

@article{abdallah2015modeling,
  title={Modeling dependence between loss triangles with hierarchical Archimedean copulas},
  author={Abdallah, Anas and Boucher, Jean-Philippe and Cossette, H{\'e}l{\`e}ne},
  journal={ASTIN Bulletin: The Journal of the IAA},
  volume={45},
  number={3},
  pages={577--599},
  year={2015},
  publisher={Cambridge University Press}
}


@article{hofert2012archimedean,
	Author = {Hofert, Marius and M{\"a}chler, Martin and McNeil, Alexander J},
	Journal = {Journal de la Soci{\'e}t{\'e} Fran{\c{c}}aise de Statistique},
	Number = {1},
	Pages = {25--63},
	Title = {Archimedean copulas in high dimensions: Estimators and numerical challenges motivated by financial applications},
	Volume = {154},
	Year = {2012}}

@article{kendall1940method,
	Author = {Kendall, Maurice G and Smith, B Babington},
	Journal = {Biometrika},
	Number = {3/4},
	Pages = {324--345},
	Publisher = {JSTOR},
	Title = {On the method of paired comparisons},
	Volume = {31},
	Year = {1940}}

@article{genest2011,
	Author = {Genest, Christian and Ne{\v{s}}lehov{\'a}, Johanna and Ben Ghorbal, Noomen},
	Journal = {Australian \& New Zealand Journal of Statistics},
	Number = {2},
	Pages = {157--177},
	Publisher = {Wiley Online Library},
	Title = {Estimators based on Kendall's tau in multivariate copula models},
	Volume = {53},
	Year = {2011}}

@article{gorecki2016structure,
	Author = {G{\'o}recki, Jan and Hofert, Marius and Hole{\v{n}}a, Martin},
	Journal = {arXiv preprint arXiv:1611.09225},
	Title = {On structure, family and parameter estimation of hierarchical Archimedean copulas},
	Year = {2016}}

@article{zhu2016,
	Author = {Zhu, Wenjun and Wang, Chou-Wen and Tan, Ken Seng},
	Journal = {Journal of Banking \& Finance},
	Pages = {20--36},
	Publisher = {Elsevier},
	Title = {Structure and estimation of L{\'e}vy subordinated hierarchical Archimedean copulas (LSHAC): Theory and empirical tests},
	Volume = {69},
	Year = {2016}}

@article{segers2014,
	Author = {Segers, Johan and Uyttendaele, Nathan},
	Journal = {Computational Statistics \& Data Analysis},
	Pages = {190--204},
	Publisher = {Elsevier},
	Title = {Nonparametric estimation of the tree structure of a nested Archimedean copula},
	Volume = {72},
	Year = {2014}}

@article{gorecki2016,
	Author = {G{\'o}recki, Jan and Hofert, Marius and Hole{\v{n}}a, Martin},
	Journal = {Journal of Intelligent Information Systems},
	Number = {1},
	Pages = {21--59},
	Publisher = {Springer},
	Title = {An approach to structure determination and estimation of hierarchical Archimedean Copulas and its application to Bayesian classification},
	Volume = {46},
	Year = {2016}}

@article{okhrin2013,
	Author = {Okhrin, Ostap and Okhrin, Yarema and Schmid, Wolfgang},
	Journal = {Journal of Econometrics},
	Number = {2},
	Pages = {189--204},
	Publisher = {Elsevier},
	Title = {On the structure and estimation of hierarchical Archimedean copulas},
	Volume = {173},
	Year = {2013}}

@misc{uyttendaele2016,
	Author = {Uyttendaele, Nathan},
	Date-Modified = {2017-04-23 21:56:01 +0000},
	Publisher = {UCL},
	Title = {On the estimation of nested Archimedean copulas: A theoretical and an experimental comparison},
	Year = {2016}}

@article{hering2010,
	Author = {Hering, Christian and Hofert, Marius and Mai, Jan-Frederik and Scherer, Matthias},
	Journal = {Journal of Multivariate Analysis},
	Number = {6},
	Pages = {1428--1433},
	Publisher = {Elsevier},
	Title = {Constructing hierarchical Archimedean copulas with L{\'e}vy subordinators},
	Volume = {101},
	Year = {2010}}

@article{bedford2002,
	Author = {Bedford, Tim and Cooke, Roger M},
	Journal = {Annals of Statistics},
	Pages = {1031--1068},
	Publisher = {JSTOR},
	Title = {Vines: A new graphical model for dependent random variables},
	Year = {2002}}

@article{brechmann2014,
	Author = {Brechmann, Eike Christian},
	Journal = {Canadian Journal of Statistics},
	Number = {1},
	Pages = {78--108},
	Publisher = {Wiley Online Library},
	Title = {Hierarchical Kendall copulas: Properties and inference},
	Volume = {42},
	Year = {2014}}

@article{gorecki2016approach,
	Author = {G{\'o}recki, Jan and Hofert, Marius and Hole{\v{n}}a, Martin},
	Journal = {Journal of Intelligent Information Systems},
	Number = {1},
	Pages = {21--59},
	Publisher = {Springer},
	Title = {An approach to structure determination and estimation of hierarchical Archimedean Copulas and its application to Bayesian classification},
	Volume = {46},
	Year = {2016}}

@article{kimberling,
	Author = {Kimberling, Clark H},
	Journal = {Aequationes mathematicae},
	Number = {2},
	Pages = {152--164},
	Publisher = {Springer},
	Title = {A probabilistic interpretation of complete monotonicity},
	Volume = {10},
	Year = {1974}}

@article{article2,
	Author = {Cossette, H{\'e}l{\`e}ne and Marceau, Etienne and Mtalai, Itre and Veilleux, D{\'e}ry},
	Date-Added = {2016-08-17 18:42:53 +0000},
	Date-Modified = {2017-04-23 21:55:07 +0000},
	Journal = {Submitted for publication. Available at http://ssrn.com/abstract=2957181},
	Title = {Archimedean copulas: Aggregation, Capital Allocation and other Applications},
	Year = {2017}}

@article{mcsample08,
	Author = {McNeil, Alexander J},
	Journal = {Journal of Statistical Computation and Simulation},
	Number = {6},
	Pages = {567--581},
	Publisher = {Taylor \& Francis},
	Title = {Sampling nested Archimedean copulas},
	Volume = {78},
	Year = {2008}}

@article{joe96_mvariate,
	Author = {Joe, Harry},
	Journal = {Lecture Notes-Monograph Series},
	Pages = {120--141},
	Publisher = {JSTOR},
	Title = {Families of m-variate distributions with given margins and m (m-1)/2 bivariate dependence parameters},
	Year = {1996}}

@article{hofert12eff,
	Author = {Hofert, Marius},
	Journal = {Journal of Statistical Computation and Simulation},
	Number = {9},
	Pages = {1239--1255},
	Publisher = {Taylor \& Francis},
	Title = {A stochastic representation and sampling algorithm for nested Archimedean copulas},
	Volume = {82},
	Year = {2012}}

@article{hofert11eff,
	Author = {Hofert, Marius},
	Journal = {Computational Statistics \& Data Analysis},
	Number = {1},
	Pages = {57--70},
	Publisher = {Elsevier},
	Title = {Efficiently sampling nested Archimedean copulas},
	Volume = {55},
	Year = {2011}}

@book{nelsen07,
	Author = {Nelsen, Roger B},
	Date-Modified = {2017-02-23 17:14:53 +0000},
	Publisher = {Springer Science \& Business Media},
	Title = {An introduction to copulas},
	Year = {2007}}

@book{Cai2006,
	Author = {Cai, Jun},
	Date-Added = {2016-08-01 14:06:40 +0000},
	Date-Modified = {2016-08-01 14:15:23 +0000},
	Publisher = {Wiley},
	Title = {Mixtures of Exponential Distributions in Encyclopedia of Actuarial Science},
	Volume = {2},
	Year = {2006}}

@book{sklar,
	Author = {Sklar, M},
	Publisher = {Universit{\'e} Paris 8},
	Title = {Fonctions de r{\'e}partition {\`a} n dimensions et leurs marges},
	Year = {1959}}

@article{feller,
	Author = {Feller, William},
	Journal = {Wiley, New York},
	Title = {An introduction to probability and its applications, Vol. II},
	Year = {1971}}

@article{cote15,
	Author = {C{\^o}t{\'e}, Marie-Pier and Genest, Christian},
	Journal = {Canadian Journal of Statistics},
	Number = {1},
	Pages = {60--81},
	Publisher = {Wiley Online Library},
	Title = {A copula-based risk aggregation model},
	Volume = {43},
	Year = {2015}}

@phdthesis{hofert,
	Author = {Hofert, Marius},
	School = {Universit{\"a}t Ulm},
	Title = {Sampling nested Archimedean copulas with applications to CDO pricing},
	Year = {2010}}

@article{mcneil,
	Author = {McNeil, Alexander J and Ne{\v{s}}lehov{\'a}, Johanna},
	Journal = {The Annals of Statistics},
	Pages = {3059--3097},
	Publisher = {JSTOR},
	Title = {Multivariate Archimedean Copulas, d-Monotone Functions and l1-Norm Symmetric Distributions},
	Year = {2009}}

@article{Cheung1,
	Author = {Ka Chun Cheung and Jan Dhaene and Ambrose Lo and Qihe Tang},
	Journal = {Insurance: Mathematics and Economics},
	Number = {1},
	Pages = {58--65},
	Title = {Reducing risk by merging counter-monotonic risks},
	Volume = {54},
	Year = {2013}}

@article{Nicole,
	Author = {Nicole B{\"a}uerle and Alfred M{\"u}ller},
	Journal = {Insurance: Mathematics and Economics},
	Number = {1},
	Pages = {132--148},
	Title = {Stochastic orders and risk measures: Consistency and bounds},
	Volume = {38},
	Year = {2006}}

@article{Muller1,
	Author = {Alfred M{\"u}ller},
	Journal = {Operation Research Letters},
	Number = {1},
	Pages = {43--47},
	Title = {On the waiting times in queues with dependency between interarrival and service times},
	Volume = {26},
	Year = {2000}}

@book{Marceau,
	Author = {Etienne Marceau},
	Edition = {1st},
	Publisher = {Springer},
	Title = {Modelisation et evaluation quantitative des risques en actuariat: Mod{\`e}les sur une p{\'e}riode},
	Year = {2013}}

@article{Vadja,
	Author = {Vajda, S.},
	Journal = {ASTIN Bulletin},
	Number = {02},
	Pages = {257--260},
	Title = {Minimum Variance Reinsurance},
	Volume = {2},
	Year = {1962}}

@article{Arrow,
	Author = {Arrow, K.J.},
	Journal = {American Economic Review},
	Pages = {941--973},
	Title = {Uncertainty and the Welfare Economics of Medical Care},
	Volume = {53},
	Year = {1963}}

@article{Kaluzka,
	Author = {Kaluzka, M. and Okolewski, A.},
	Journal = {The Journal of Risk and Insurance},
	Number = {2},
	Pages = {275--288},
	Title = {An Extension of Arrow's Result on Optimal Reinsurance Contract},
	Volume = {75},
	Year = {2008}}

@article{Borch1,
	Author = {Borch, K.},
	Journal = {ASTIN Bulletin},
	Number = {2},
	Pages = {293--297},
	Title = {The Optimal Reinsurance Treaties},
	Volume = {5},
	Year = {1969}}

@article{Borch2,
	Author = {Borch, K.},
	Journal = {ASTIN Bulletin},
	Number = {04},
	Pages = {171--191},
	Title = {Reciprocal Reinsurance Treaties},
	Volume = {1},
	Year = {1960}}

@article{Cheung,
	Author = {Cheung, K.C. and Sung, K.C.J. and Yam, S.C.P. and Yung, S.P.},
	Journal = {Scandinavian Actuarial Journal},
	Number = {1},
	Pages = {72--91},
	Title = {Optimal reinsurance under general law-invariant risk measures},
	Volume = {2014},
	Year = {2014}}

@article{Chi,
	Author = {Chi, Y.},
	Journal = {Insurance: Mathematics and Economics},
	Number = {2},
	Pages = {310--321},
	Title = {Optimal reinsurance under variance related premium principles},
	Volume = {51},
	Year = {2012}}

@article{Cui,
	Author = {Cui, W. and Yang, J. and Wu, L.},
	Journal = {Insurance: Mathematics and Economics},
	Number = {1},
	Pages = {74--85},
	Title = {Optimal reinsurance minimizing the distortion risk measure under general reinsurance premium principles},
	Volume = {53},
	Year = {2013}}

@article{Lu,
	Author = {Lu, Z. and Liu, L. and Meng, S.},
	Journal = {Insurance: Mathematics and Economics},
	Number = {1},
	Pages = {46--51},
	Title = {Optimal reinsurance with concave ceded loss functions under VaR and CTE risk measures},
	Volume = {52},
	Year = {2013}}

@article{Zhu,
	Author = {Zhu, Y. and Zhang, L. and Zhang, Y.},
	Journal = {Statistics and Probability Letters},
	Number = {4},
	Pages = {1111--1116},
	Title = {Optimal reinsurance under the Haezendonck risk measure},
	Volume = {83},
	Year = {2013}}

@article{ChiTan,
	Author = {Chi, Y. and Tan, K.S.},
	Journal = {ASTIN Bulletin},
	Number = {02},
	Pages = {487--509},
	Title = {Optimal Reinsurance under VaR and CVaR Risk Measures: a Simplified Approach},
	Volume = {41},
	Year = {2011}}

@article{Cortes,
	Author = {Cortes, O.A.C. and Rau-Chapelin, A. and Wilson, D. and Cook, I. and Gaiser-Porter, J.},
	Journal = {Data Analytics},
	Note = {The Second International Conference on Data Analytics},
	Title = {Efficient Optimization of Reinsurance Contracts using Discretized PBIL},
	Year = {2013}}

@article{ChiTan2,
	Author = {Chi, Y. and Tana, K.S.},
	Journal = {Insurance: Mathematics and Economics},
	Number = {02},
	Pages = {180--189},
	Title = {Optimal reinsurance with general premium principles},
	Volume = {52},
	Year = {2013}}

@article{Balbas,
	Author = {Balb\'{a}s, A. and Balb\'{a}s, B. and Balb\'{a}s, R.},
	Journal = {Risks},
	Number = {2},
	Pages = {45--56},
	Title = {Optimal Reinsurance: A Risk Sharing Approach},
	Volume = {1},
	Year = {2013}}

@article{Balbas2,
	Author = {Balb\'{a}s, A. and Balb\'{a}s, B. and Heras, A.},
	Journal = {Insurance: Mathematics and Economics},
	Number = {3},
	Pages = {374--384},
	Title = {Optimal reinsurance with general risk measures},
	Volume = {44},
	Year = {2009}}

@book{rolski,
  title={Stochastic processes for insurance and finance},
  author={Rolski, Tomasz and Schmidli, Hanspeter and Schmidt, Volker and Teugels, Jozef L},
  year={1999},
  publisher={John Wiley \& Sons}
}


@article{Fang,
	Author = {Fang, Y. and Qu, Z.},
	Journal = {IMA Journal of Management Mathematics},
	Number = {1},
	Pages = {89--103},
	Title = {Optimal combination of quota-share and stop-loss reinsurance treaties under the joint survival probability},
	Volume = {25},
	Year = {2014}}

@article{Hurlimann,
	Author = {{H\"{u}rlimann, W.}},
	Journal = {ASTIN Bulletin},
	Number = {02},
	Pages = {547--574},
	Title = {Optimal Reinsurance Revisited - Point of View of Cedent and Reinsurer},
	Volume = {41},
	Year = {2011}}

@article{Tan,
	Author = {Tan, K.S and Weng, C. and Zhang, Y.},
	Journal = {Insurance: Mathematics and Economics},
	Number = {2},
	Pages = {175--187},
	Title = {Optimality of general reinsurance contracts under CTE risk measure},
	Volume = {49},
	Year = {2011}}

@article{Castaner,
	Author = {Casta\~{n}er, A. and Bielsa, M.C.},
	Journal = {XREAP2014-04},
	Note = {http://dx.doi.org/10.2139/ssrn.2423536},
	Title = {Optimal Stop-Loss Reinsurance: A Dependence Analysis},
	Year = {2014}}

@article{Assa,
	Author = {Assa, H.},
	Journal = {Insurance: Mathematics and Economics},
	Pages = {70--75},
	Title = {On Optimal Reinsurance Policy with Distortion Risk Measures and Premiums},
	Volume = {61},
	Year = {2015}}

@article{fang2000,
	Author = {Fang, Kai-Tai and Fang, Hong-Bin and Rosen, Dietrich von},
	Journal = {Communications in Statistics-Theory and Methods},
	Number = {8},
	Pages = {1885--1898},
	Publisher = {Taylor \& Francis},
	Title = {A family of bivariate distributions with non-elliptical contours},
	Volume = {29},
	Year = {2000}}

@article{genest2001,
	Author = {Genest, Christian and Rivest, Louis-Paul},
	Journal = {Statistics \& Probability Letters},
	Number = {4},
	Pages = {391--399},
	Publisher = {Elsevier},
	Title = {On the multivariate probability integral transformation},
	Volume = {53},
	Year = {2001}}

@book{balakrishnan,
	Author = {Balakrishnan, Narayanaswamy and Lai, Chin-Diew},
	Publisher = {Springer Science \& Business Media},
	Title = {Continuous bivariate distributions},
	Year = {2009}}

@article{jovanovic,
	Author = {Jovanovic, Mario},
	Publisher = {Citeseer},
	Title = {Does Monetary Policy Affect Stock Market Uncertainty?}}

@article{marshall,
	Author = {Marshall, Albert W and Olkin, Ingram},
	Journal = {Journal of the American Statistical Association},
	Number = {403},
	Pages = {834--841},
	Publisher = {Taylor \& Francis Group},
	Title = {Families of multivariate distributions},
	Volume = {83},
	Year = {1988}}

@article{oakes1989,
	Author = {Oakes, David},
	Journal = {Journal of the American Statistical Association},
	Number = {406},
	Pages = {487--493},
	Publisher = {Taylor \& Francis Group},
	Title = {Bivariate survival models induced by frailties},
	Volume = {84},
	Year = {1989}}

@book{joe2014,
	Author = {Joe, Harry},
	Publisher = {CRC Press},
	Title = {Dependence modeling with copulas},
	Year = {2014}}

@book{joe1997,
	Author = {Joe, Harry},
	Publisher = {CRC Press},
	Title = {Multivariate models and multivariate dependence concepts},
	Year = {1997}}

@book{denuit2006,
	Author = {Denuit, Michel and Dhaene, Jan and Goovaerts, Marc and Kaas, Rob},
	Publisher = {John Wiley \& Sons},
	Title = {Actuarial theory for dependent risks: measures, orders and models},
	Year = {2006}}

@article{hesselager1998,
	Author = {Hesselager, Ole and Wang, Shaun and Willmot, Gordon},
	Journal = {Scandinavian Actuarial Journal},
	Number = {2},
	Pages = {125--142},
	Publisher = {Taylor \& Francis},
	Title = {Exponential and scale mixtures and equilibrium distributions},
	Volume = {1998},
	Year = {1998}}

@book{mcneil2015,
	Author = {McNeil, Alexander J and Frey, R{\"u}diger and Embrechts, Paul},
	Publisher = {Princeton University Press},
	Title = {Quantitative risk management: Concepts, techniques and tools},
	Year = {2015}}

@article{mcneil2005,
	Author = {Embrechts, Paul and Frey, Rdiger and McNeil, Alexander},
	Journal = {Princeton Series in Finance, Princeton},
	Title = {Quantitative risk management},
	Volume = {10},
	Year = {2005}}

@article{devroye,
	Author = {Devroye, Luc},
	Journal = {ACM Transactions on Modeling and Computer Simulation (TOMACS)},
	Number = {4},
	Pages = {18},
	Publisher = {ACM},
	Title = {Random variate generation for exponentially and polynomially tilted stable distributions},
	Volume = {19},
	Year = {2009}}

@article{hofert2011,
	Author = {Hofert, Marius},
	Journal = {Computational Statistics \& Data Analysis},
	Number = {1},
	Pages = {57--70},
	Publisher = {Elsevier},
	Title = {Efficiently sampling nested Archimedean copulas},
	Volume = {55},
	Year = {2011}}
